<?xml version="1.0" encoding="UTF-8"?><record xmlns="http://www.loc.gov/MARC21/slim" xmlns:cinclude="http://apache.org/cocoon/include/1.0" xmlns:zs="http://www.loc.gov/zing/srw/">
  <leader>00574nz  a2200157n  4500</leader>
  <controlfield tag="001">no2006120572</controlfield>
  <controlfield tag="003">DLC</controlfield>
  <controlfield tag="005">20061112075003.0</controlfield>
  <controlfield tag="008">061110n| acannaabn          |a aaa     c</controlfield>
  <datafield tag="010" ind1=" " ind2=" ">
    <subfield code="a">no2006120572</subfield>
  </datafield>
  <datafield tag="035" ind1=" " ind2=" ">
    <subfield code="a">(OCoLC)oca07203850</subfield>
  </datafield>
  <datafield tag="040" ind1=" " ind2=" ">
    <subfield code="a">SaPrUSA</subfield>
    <subfield code="b">eng</subfield>
    <subfield code="c">SaPrUSA</subfield>
  </datafield>
  <datafield tag="100" ind1="1" ind2=" ">
    <subfield code="a">Straat, Evert,</subfield>
    <subfield code="d">1898-1972</subfield>
  </datafield>
  <datafield tag="400" ind1="1" ind2=" ">
    <subfield code="a">Straat, E.</subfield>
    <subfield code="q">(Evert),</subfield>
    <subfield code="d">1898-1972</subfield>
  </datafield>
  <datafield tag="670" ind1=" " ind2=" ">
    <subfield code="a">De Goede Boodschap volgens Markus, Matthijs, Lukas en Jan, c1968:</subfield>
    <subfield code="b">t.p. (E. Straat, translator)</subfield>
  </datafield>
  <datafield tag="670" ind1=" " ind2=" ">
    <subfield code="a">KB online cat., Nov. 10, 2006</subfield>
    <subfield code="b">(hdg.: Straat, E., 1898-1972; usage: E. Straat; full names: Evert Straat)</subfield>
  </datafield>
</record>